id,name,url,stock_symbol,company_name,date,revenues,revenue_growth,cost_of_revenue,gross_profit,research_and_development_expense,selling_general_and_administrative_expense,operating_expenses,operating_income,interest_expense,earnings_before_tax,income_tax_expense,net_income_to_noncontrolling_interests,net_income_from_discontinued_operations,net_income,preferred_dividends_income_statement_impact,net_income_common_stock,earnings_per_basic_share,earnings_per_diluted_share,weighted_average_shares,weighted_average_shares_diluted,dividends_per_basic_common_share,gross_margin,ebitda_margin,ebit_margin,profit_margin,free_cash_flow_margin,ebitda,ebit,consolidated_income
1,Amazon,www.amazon.com,AMZN,Amazon,2017-03-31,35714000000,0.2261,22440000000,13274000000,4813000000,2715000000,12269000000,1005000000,139000000,953000000,229000000,0,0,724000000,0,724000000,1.52,1.48,477000000,490000000,0.00,0.3717,0.099,0.0306,0.02,-0.0966,3527000000,1092000000,724000000
1,Amazon,www.amazon.com,AMZN,Amazon,2016-12-31,43741000000,0.2236,28959000000,14782000000,4544000000,3230000000,13527000000,1255000000,133000000,1162000000,413000000,0,0,749000000,0,749000000,1.58,1.54,477000000,487000000,0.00,0.3379,0.082,0.0296,0.02,0.1977,3592000000,1295000000,749000000
1,Amazon,www.amazon.com,AMZN,Amazon,2016-09-30,32714000000,0.2901,21260000000,11454000000,4135000000,2377000000,10879000000,575000000,118000000,481000000,229000000,0,0,252000000,0,252000000,0.53,0.52,474000000,485000000,0.00,0.3501,0.082,0.0183,0.01,0.0809,2683000000,599000000,252000000
1,Amazon,www.amazon.com,AMZN,Amazon,2016-06-30,30404000000,0.3114,19180000000,11224000000,3880000000,2126000000,9939000000,1285000000,116000000,1164000000,307000000,0,0,857000000,0,857000000,1.81,1.78,473000000,483000000,0.00,0.3692,0.105,0.0421,0.03,0.0577,3189000000,1280000000,857000000
1,Amazon,www.amazon.com,AMZN,Amazon,2016-03-31,29128000000,0.2822,18866000000,10262000000,3526000000,1933000000,9191000000,1071000000,117000000,988000000,475000000,0,0,513000000,0,513000000,1.09,1.07,471000000,481000000,0.00,0.3523,0.101,0.0379,0.02,-0.1075,2932000000,1105000000,513000000
1,Amazon,www.amazon.com,AMZN,Amazon,2015-12-31,35747000000,0.2188,24341000000,11406000000,3569000000,2148000000,10297000000,1109000000,115000000,934000000,452000000,0,0,482000000,0,482000000,1.04,1.01,467000000,480000000,0.00,0.3191,0.078,0.0293,0.01,0.2099,2801000000,1049000000,482000000
1,Amazon,www.amazon.com,AMZN,Amazon,2015-09-30,25358000000,0.2322,16755000000,8603000000,3197000000,1727000000,8197000000,406000000,116000000,240000000,161000000,0,0,79000000,0,79000000,0.17,0.17,468000000,478000000,0.00,0.3393,0.077,0.0140,0.00,0.0558,1955000000,356000000,79000000
1,Amazon,www.amazon.com,AMZN,Amazon,2015-06-30,23185000000,0.1988,15160000000,8025000000,3020000000,1617000000,7561000000,464000000,114000000,358000000,266000000,0,0,92000000,0,92000000,0.20,0.19,467000000,476000000,0.00,0.3461,0.085,0.0204,0.00,0.0338,1976000000,472000000,92000000
1,Amazon,www.amazon.com,AMZN,Amazon,2015-03-31,22717000000,0.1508,15395000000,7322000000,2754000000,1510000000,7067000000,255000000,115000000,14000000,71000000,0,0,-57000000,0,-57000000,-0.12,-0.12,465000000,465000000,0.00,0.3223,0.068,0.0057,0.00,-0.1043,1555000000,129000000,-57000000
1,Amazon,www.amazon.com,AMZN,Amazon,2014-12-31,29329000000,0.1462,20672000000,8657000000,2636000000,1968000000,8067000000,590000000,74000000,419000000,205000000,0,0,214000000,0,214000000,0.47,0.47,465000000,465000000,0.00,0.2952,0.064,0.0168,0.01,0.1899,1873000000,493000000,214000000
1,Amazon,www.amazon.com,AMZN,Amazon,2014-09-30,20579000000,0.2040,14627000000,5952000000,2423000000,1399000000,6496000000,-544000000,49000000,-642000000,-205000000,0,0,-437000000,0,-437000000,-0.95,-0.95,463000000,463000000,0.00,0.2892,0.032,-0.0288,-0.02,0.0189,654000000,-593000000,-437000000
1,Amazon,www.amazon.com,AMZN,Amazon,2014-06-30,19340000000,0.2315,13399000000,5941000000,2226000000,1320000000,5956000000,-15000000,45000000,-32000000,94000000,0,0,-126000000,0,-126000000,-0.27,-0.27,461000000,461000000,0.00,0.3072,0.058,0.0007,-0.01,-0.0221,1122000000,13000000,-126000000
1,Amazon,www.amazon.com,AMZN,Amazon,2014-03-31,19741000000,0.2284,14055000000,5686000000,1991000000,1197000000,5540000000,146000000,42000000,181000000,73000000,0,0,108000000,0,108000000,0.23,0.23,460000000,468000000,0.00,0.2880,0.062,0.0113,0.01,-0.1814,1233000000,223000000,108000000
1,Amazon,www.amazon.com,AMZN,Amazon,2013-12-31,25587000000,0.2031,18806000000,6781000000,1862000000,1451000000,6271000000,510000000,39000000,419000000,179000000,0,0,240000000,0,240000000,0.52,0.52,460000000,468000000,0.00,0.2650,0.055,0.0179,0.01,0.1836,1420000000,458000000,240000000
1,Amazon,www.amazon.com,AMZN,Amazon,2013-09-30,17092000000,0.2380,12366000000,4726000000,1734000000,972000000,4751000000,-25000000,36000000,-53000000,-12000000,0,0,-41000000,0,-41000000,-0.09,-0.09,457000000,457000000,0.00,0.2765,0.048,-0.0010,0.00,0.0205,817000000,-17000000,-41000000
1,Amazon,www.amazon.com,AMZN,Amazon,2013-06-30,15704000000,0.2236,11209000000,4495000000,1586000000,961000000,4416000000,79000000,33000000,6000000,13000000,0,0,-7000000,0,-7000000,-0.02,-0.02,456000000,456000000,0.00,0.2862,0.051,0.0025,0.00,0.0016,795000000,39000000,-7000000
1,Amazon,www.amazon.com,AMZN,Amazon,2013-03-31,16070000000,0.2188,11801000000,4269000000,1383000000,878000000,4088000000,181000000,33000000,64000000,-18000000,0,0,82000000,0,82000000,0.18,0.18,455000000,463000000,0.00,0.2657,0.050,0.0060,0.01,-0.1893,797000000,97000000,82000000
1,Amazon,www.amazon.com,AMZN,Amazon,2012-12-31,21268000000,0.2201,16137000000,5131000000,1345000000,1085000000,4726000000,405000000,27000000,292000000,194000000,0,0,98000000,0,98000000,0.21,0.21,456000000,456000000,0.00,0.2413,0.046,0.0150,0.01,0.1436,981000000,319000000,98000000
1,Amazon,www.amazon.com,AMZN,Amazon,2012-09-30,13806000000,0.2694,10319000000,3487000000,1192000000,770000000,3515000000,-28000000,22000000,-191000000,83000000,0,0,-274000000,0,-274000000,-0.60,-0.60,452000000,452000000,0.00,0.2526,0.028,-0.0122,-0.02,0.0164,385000000,-169000000,-274000000
1,Amazon,www.amazon.com,AMZN,Amazon,2012-06-30,12834000000,0.2947,9488000000,3346000000,1082000000,769000000,3239000000,107000000,21000000,116000000,109000000,0,0,7000000,0,7000000,0.02,0.01,451000000,458000000,0.00,0.2607,0.048,0.0107,0.00,-0.0049,622000000,137000000,7000000
1,Amazon,www.amazon.com,AMZN,Amazon,2012-03-31,13185000000,0.3376,10027000000,3158000000,945000000,680000000,2966000000,192000000,21000000,173000000,43000000,0,0,130000000,0,130000000,0.29,0.28,453000000,460000000,0.00,0.2395,0.049,0.0147,0.01,-0.2142,651000000,194000000,130000000
1,Amazon,www.amazon.com,AMZN,Amazon,2011-12-31,17431000000,0.3463,13831000000,3600000000,862000000,777000000,3340000000,260000000,20000000,263000000,86000000,0,0,177000000,0,177000000,0.39,0.38,453000000,464000000,0.00,0.2065,0.037,0.0162,0.01,0.2134,642000000,283000000,177000000
1,Amazon,www.amazon.com,AMZN,Amazon,2011-09-30,10876000000,0.4386,8325000000,2551000000,769000000,545000000,2472000000,79000000,17000000,130000000,67000000,0,0,63000000,0,63000000,0.14,0.14,454000000,461000000,0.00,0.2346,0.039,0.0135,0.01,0.0246,425000000,147000000,63000000
1,Amazon,www.amazon.com,AMZN,Amazon,2011-06-30,9913000000,0.5097,7525000000,2388000000,698000000,507000000,2187000000,201000000,15000000,240000000,49000000,0,0,191000000,0,191000000,0.42,0.41,453000000,460000000,0.00,0.2409,0.050,0.0257,0.02,-0.0010,499000000,255000000,191000000
1,Amazon,www.amazon.com,AMZN,Amazon,2011-03-31,9857000000,0.3823,7608000000,2249000000,579000000,460000000,1927000000,322000000,12000000,290000000,89000000,0,0,201000000,0,201000000,0.44,0.44,451000000,459000000,0.00,0.2282,0.051,0.0306,0.02,-0.1911,504000000,302000000,201000000
1,Amazon,www.amazon.com,AMZN,Amazon,2010-12-31,12947000000,0.3600,10317000000,2630000000,518000000,519000000,2156000000,474000000,11000000,501000000,85000000,0,0,416000000,0,416000000,0.93,0.91,447000000,459000000,0.00,0.2031,0.053,0.0395,0.03,0.2441,681000000,512000000,416000000
1,Amazon,www.amazon.com,AMZN,Amazon,2010-09-30,7560000000,0.3874,5786000000,1774000000,442000000,358000000,1506000000,268000000,11000000,310000000,79000000,0,0,231000000,0,231000000,0.51,0.51,448000000,456000000,0.00,0.2347,0.062,0.0425,0.03,0.0714,471000000,321000000,231000000
1,Amazon,www.amazon.com,AMZN,Amazon,2010-06-30,6566000000,0.4117,4957000000,1609000000,408000000,324000000,1339000000,270000000,9000000,295000000,88000000,0,0,207000000,0,207000000,0.46,0.45,447000000,455000000,0.00,0.2451,0.066,0.0463,0.03,0.0082,433000000,304000000,207000000
1,Amazon,www.amazon.com,AMZN,Amazon,2010-03-31,7131000000,0.4586,5501000000,1630000000,366000000,298000000,1236000000,394000000,7000000,399000000,100000000,0,0,299000000,0,299000000,0.67,0.66,445000000,454000000,0.00,0.2286,0.074,0.0569,0.04,-0.1736,525000000,406000000,299000000
1,Amazon,www.amazon.com,AMZN,Amazon,2009-12-31,9520000000,0.4203,7543000000,1977000000,350000000,374000000,1501000000,476000000,8000000,468000000,84000000,0,0,384000000,0,384000000,0.88,0.86,439000000,451000000,0.00,0.2077,0.062,0.0500,0.04,0.2599,588000000,476000000,384000000
1,Amazon,www.amazon.com,AMZN,Amazon,2009-09-30,5449000000,0.2779,4176000000,1273000000,315000000,232000000,1022000000,251000000,7000000,259000000,60000000,0,0,199000000,0,199000000,0.46,0.45,432000000,441000000,0.00,0.2336,0.066,0.0488,0.04,0.1277,362000000,266000000,199000000
1,Amazon,www.amazon.com,AMZN,Amazon,2009-06-30,4651000000,0.1447,3518000000,1133000000,299000000,206000000,974000000,159000000,7000000,181000000,39000000,0,0,142000000,0,142000000,0.33,0.32,431000000,440000000,0.00,0.2436,0.058,0.0404,0.03,0.0839,272000000,188000000,142000000
1,Amazon,www.amazon.com,AMZN,Amazon,2009-03-31,4889000000,0.1823,3741000000,1148000000,275000000,196000000,904000000,244000000,12000000,246000000,69000000,0,0,177000000,0,177000000,0.41,0.41,429000000,437000000,0.00,0.2348,0.071,0.0528,0.04,-0.1309,345000000,258000000,177000000
1,Amazon,www.amazon.com,AMZN,Amazon,2008-12-31,6703000000,0.1818,5355000000,1348000000,278000000,240000000,1075000000,273000000,11000000,305000000,80000000,0,0,225000000,0,225000000,0.52,0.52,429000000,435000000,0.00,0.2011,0.059,0.0471,0.03,0.2192,393000000,316000000,225000000
1,Amazon,www.amazon.com,AMZN,Amazon,2008-09-30,4264000000,0.3072,3265000000,999000000,264000000,181000000,845000000,154000000,17000000,177000000,59000000,0,0,118000000,0,118000000,0.28,0.27,427000000,436000000,0.00,0.2343,0.063,0.0455,0.03,0.0755,270000000,194000000,118000000
1,Amazon,www.amazon.com,AMZN,Amazon,2008-06-30,4063000000,0.4078,3096000000,967000000,258000000,176000000,750000000,217000000,21000000,204000000,46000000,0,0,158000000,0,158000000,0.38,0.37,420000000,430000000,0.00,0.2380,0.073,0.0554,0.04,0.0684,295000000,225000000,158000000
1,Amazon,www.amazon.com,AMZN,Amazon,2008-03-31,4135000000,0.3715,3179000000,956000000,234000000,164000000,758000000,198000000,22000000,205000000,62000000,0,0,143000000,0,143000000,0.34,0.34,417000000,426000000,0.00,0.2312,0.071,0.0549,0.04,-0.1707,292000000,227000000,143000000
1,Amazon,www.amazon.com,AMZN,Amazon,2007-12-31,5672000000,0.4230,4502000000,1170000000,222000000,197000000,899000000,271000000,20000000,281000000,74000000,0,0,207000000,0,207000000,0.50,0.48,416000000,427000000,0.00,0.2063,0.064,0.0531,0.04,0.1895,364000000,301000000,207000000
1,Amazon,www.amazon.com,AMZN,Amazon,2007-09-30,3262000000,0.4140,2500000000,762000000,209000000,131000000,639000000,123000000,19000000,124000000,44000000,0,0,80000000,0,80000000,0.19,0.19,414000000,425000000,0.00,0.2336,0.063,0.0438,0.03,0.0515,204000000,143000000,80000000
2,Apple,www.apple.com,AAPL,Apple,2017-04-01,52896000000,0.0463,32305000000,20591000000,2776000000,3718000000,6494000000,14097000000,0,14684000000,3655000000,0,0,11029000000,0,11029000000,2.11,2.10,5225791000,5261688000,0.57,0.3893,0.322,0.2776,0.21,0.1805,17016000000,14684000000,11029000000
2,Apple,www.apple.com,AAPL,Apple,2016-12-31,78351000000,0.0327,48175000000,30176000000,2871000000,3946000000,6817000000,23359000000,0,24180000000,6289000000,0,0,17891000000,0,17891000000,3.38,3.36,5298661000,5327995000,0.57,0.3851,0.347,0.3086,0.23,0.3028,27167000000,24180000000,17891000000
2,Apple,www.apple.com,AAPL,Apple,2016-09-24,46852000000,-0.0903,29039000000,17813000000,2570000000,3482000000,6052000000,11761000000,0,12188000000,3174000000,0,0,9014000000,0,9014000000,1.69,1.69,5366912000,5393331000,0.57,0.3802,0.315,0.2601,0.19,0.2593,14736000000,12188000000,9014000000
2,Apple,www.apple.com,AAPL,Apple,2016-06-25,42358000000,-0.1461,26252000000,16106000000,2560000000,3441000000,6001000000,10105000000,0,10469000000,2673000000,0,0,7796000000,0,7796000000,1.43,1.42,5443058000,5472781000,0.57,0.3802,0.307,0.2472,0.18,0.1847,12995000000,10469000000,7796000000
2,Apple,www.apple.com,AAPL,Apple,2016-03-26,50557000000,-0.1285,30636000000,19921000000,2511000000,3423000000,5934000000,13987000000,0,14142000000,3626000000,0,0,10516000000,0,10516000000,1.91,1.90,5514381000,5540886000,0.52,0.3940,0.329,0.2797,0.21,0.1833,16619000000,14142000000,10516000000
2,Apple,www.apple.com,AAPL,Apple,2015-12-26,75872000000,0.0171,45449000000,30423000000,2404000000,3848000000,6252000000,24171000000,0,24573000000,6212000000,0,0,18361000000,0,18361000000,3.30,3.28,5558930000,5594127000,0.52,0.4010,0.363,0.3239,0.24,0.3144,27527000000,24573000000,18361000000
2,Apple,www.apple.com,AAPL,Apple,2015-09-26,51501000000,0.2226,30953000000,20548000000,2220000000,3705000000,5925000000,14623000000,0,15062000000,3938000000,0,0,11124000000,0,11124000000,1.98,1.97,5646918000,5682516000,0.52,0.3990,0.353,0.2925,0.22,0.1914,18181000000,15062000000,11124000000
2,Apple,www.apple.com,AAPL,Apple,2015-06-27,49605000000,0.3252,29924000000,19681000000,2034000000,3564000000,5598000000,14083000000,0,14473000000,3796000000,0,0,10677000000,0,10677000000,1.86,1.85,5729886000,5773099000,0.52,0.3968,0.354,0.2918,0.22,0.2610,17557000000,14473000000,10677000000
2,Apple,www.apple.com,AAPL,Apple,2015-03-28,58010000000,0.2709,34354000000,23656000000,1918000000,3460000000,5378000000,18278000000,0,18564000000,4995000000,0,0,13569000000,0,13569000000,2.34,2.33,5793799000,5834858000,0.47,0.4078,0.363,0.3200,0.23,0.2881,21043000000,18564000000,13569000000
2,Apple,www.apple.com,AAPL,Apple,2014-12-27,74599000000,0.2953,44858000000,29741000000,1895000000,3600000000,5495000000,24246000000,0,24416000000,6392000000,0,0,18024000000,0,18024000000,3.08,3.06,5843082000,5881803000,0.47,0.3987,0.362,0.3273,0.24,0.4089,26991000000,24416000000,18024000000
2,Apple,www.apple.com,AAPL,Apple,2014-09-27,42123000000,0.1241,26114000000,16009000000,1686000000,3158000000,4844000000,11165000000,0,11472000000,3005000000,0,0,8467000000,0,8467000000,1.43,1.42,5933847000,5972081000,0.47,0.3801,0.319,0.2723,0.20,0.2237,13441000000,11472000000,8467000000
2,Apple,www.apple.com,AAPL,Apple,2014-06-28,37432000000,0.0597,22697000000,14735000000,1603000000,2850000000,4453000000,10282000000,0,10484000000,2736000000,0,0,7748000000,0,7748000000,1.29,1.28,6012635000,6051711000,0.47,0.3936,0.332,0.2801,0.21,0.2104,12430000000,10484000000,7748000000
2,Apple,www.apple.com,AAPL,Apple,2014-03-29,45646000000,0.0469,27699000000,17947000000,1422000000,2932000000,4354000000,13593000000,0,13818000000,3595000000,0,0,10223000000,0,10223000000,1.67,1.66,6123302000,6156699000,0.44,0.3932,0.344,0.3027,0.22,0.2663,15705000000,13818000000,10223000000
2,Apple,www.apple.com,AAPL,Apple,2013-12-28,57594000000,0.0565,35748000000,21846000000,1330000000,3053000000,4383000000,17463000000,0,17709000000,4637000000,0,0,13072000000,0,13072000000,2.08,2.07,6272504000,6310161000,0.44,0.3793,0.345,0.3075,0.23,0.3592,19853000000,17709000000,13072000000
2,Apple,www.apple.com,AAPL,Apple,2013-09-28,37472000000,0.0419,23601000000,13871000000,1168000000,2673000000,3841000000,10030000000,0,10143000000,2631000000,0,0,7512000000,0,7512000000,1.20,1.19,6329138000,6363921000,0.44,0.3702,0.318,0.2707,0.20,0.2122,11926000000,10143000000,7512000000
2,Apple,www.apple.com,AAPL,Apple,2013-06-29,35323000000,0.0086,22299000000,13024000000,1178000000,2645000000,3823000000,9201000000,0,9435000000,2535000000,0,0,6900000000,0,6900000000,1.07,1.07,6430323000,6469854000,0.44,0.3687,0.315,0.2671,0.20,0.1682,11129000000,9435000000,6900000000
2,Apple,www.apple.com,AAPL,Apple,2013-03-30,43603000000,0.1127,27254000000,16349000000,1119000000,2672000000,3791000000,12558000000,0,12905000000,3358000000,0,0,9547000000,0,9547000000,1.45,1.44,6577403000,6622245000,0.38,0.3750,0.335,0.2960,0.22,0.2407,14597000000,12905000000,9547000000
2,Apple,www.apple.com,AAPL,Apple,2012-12-29,54512000000,0.1765,33452000000,21060000000,1010000000,2840000000,3850000000,17210000000,0,17672000000,4594000000,0,0,13078000000,0,13078000000,1.99,1.97,6572412000,6630519000,0.38,0.3863,0.353,0.3242,0.24,0.3872,19260000000,17672000000,13078000000
2,Apple,www.apple.com,AAPL,Apple,2012-09-29,35966000000,0.2722,21565000000,14401000000,906000000,2551000000,3457000000,10944000000,0,10893000000,2670000000,0,0,8223000000,0,8223000000,1.25,1.24,6567792000,6636692000,0.38,0.4004,0.330,0.3029,0.23,0.1578,11874000000,10893000000,8223000000
2,Apple,www.apple.com,AAPL,Apple,2012-06-30,35023000000,0.2258,20029000000,14994000000,876000000,2545000000,3421000000,11573000000,0,11861000000,3037000000,0,0,8824000000,0,8824000000,1.35,1.33,6556172000,6629413000,0.00,0.4281,0.363,0.3387,0.25,0.2322,12696000000,11861000000,8824000000
2,Apple,www.apple.com,AAPL,Apple,2012-03-31,39186000000,0.5886,20622000000,18564000000,841000000,2339000000,3180000000,15384000000,0,15532000000,3910000000,0,0,11622000000,0,11622000000,1.78,1.76,6535074000,6614251000,0.00,0.4737,0.415,0.3964,0.30,0.3195,16272000000,15532000000,11622000000
2,Apple,www.apple.com,AAPL,Apple,2011-12-31,46333000000,0.7327,25630000000,20703000000,758000000,2605000000,3363000000,17340000000,0,17477000000,4413000000,0,0,13064000000,0,13064000000,2.00,1.98,6517287000,6591004000,0.00,0.4468,0.393,0.3772,0.28,0.3504,18198000000,17477000000,13064000000
2,Apple,www.apple.com,AAPL,Apple,2011-09-24,28270000000,0.3897,16890000000,11380000000,645000000,2025000000,2670000000,8710000000,0,8791000000,2168000000,0,0,6623000000,0,6623000000,1.02,1.01,6497967000,6576612000,0.00,0.4025,0.330,0.3110,0.23,0.3107,9334000000,8791000000,6623000000
2,Apple,www.apple.com,AAPL,Apple,2011-06-25,28571000000,0.8198,16649000000,11922000000,628000000,1915000000,2543000000,9379000000,0,9551000000,2243000000,0,0,7308000000,0,7308000000,1.13,1.11,6482756000,6564670000,0.00,0.4173,0.351,0.3343,0.26,0.3616,10032000000,9551000000,7308000000
2,Apple,www.apple.com,AAPL,Apple,2011-03-26,24667000000,0.8273,14449000000,10218000000,581000000,1763000000,2344000000,7874000000,0,7900000000,1913000000,0,0,5987000000,0,5987000000,0.93,0.91,6462372000,6551608000,0.00,0.4142,0.338,0.3203,0.24,0.2268,8334000000,7900000000,5987000000
2,Apple,www.apple.com,AAPL,Apple,2010-12-25,26741000000,0.7051,16443000000,10298000000,575000000,1896000000,2471000000,7827000000,0,7963000000,1959000000,0,0,6004000000,0,6004000000,0.93,0.92,6435058000,6532078000,0.00,0.3851,0.311,0.2978,0.23,0.3201,8319000000,7963000000,6004000000
2,Apple,www.apple.com,AAPL,Apple,2010-09-25,20343000000,0.6665,12831000000,7512000000,494000000,1571000000,2065000000,5447000000,0,5461000000,1153000000,0,0,4308000000,0,4308000000,0.67,0.66,6401906000,6501775000,0.00,0.3693,0.285,0.2684,0.21,0.2420,5790000000,5461000000,4308000000
2,Apple,www.apple.com,AAPL,Apple,2010-06-26,15700000000,0.6129,9564000000,6136000000,464000000,1438000000,1902000000,4234000000,0,4292000000,1039000000,0,0,3253000000,0,3253000000,0.51,0.50,6385379000,6491527000,0.00,0.3908,0.291,0.2734,0.21,0.2679,4565000000,4292000000,3253000000
2,Apple,www.apple.com,AAPL,Apple,2010-03-27,13499000000,0.4860,7874000000,5625000000,426000000,1220000000,1646000000,3979000000,0,4029000000,955000000,0,0,3074000000,0,3074000000,0.48,0.48,6352836000,6460146000,0.00,0.4167,0.314,0.2985,0.23,0.1523,4245000000,4029000000,3074000000
2,Apple,www.apple.com,AAPL,Apple,2009-12-26,15683000000,0.3201,9272000000,6411000000,398000000,1288000000,1686000000,4725000000,0,4758000000,1380000000,0,0,3378000000,0,3378000000,0.53,0.52,6324794000,6438481000,0.00,0.4088,0.317,0.3034,0.22,0.3446,4967000000,4758000000,3378000000
2,Apple,www.apple.com,AAPL,Apple,2009-09-26,12207000000,-0.0542,7102000000,5105000000,358000000,1063000000,1421000000,3684000000,0,3729000000,1197000000,0,0,2532000000,0,2532000000,0.40,0.40,6286203000,6400611000,0.00,0.4182,0.322,0.3055,0.21,0.2172,3932000000,3729000000,2532000000
2,Apple,www.apple.com,AAPL,Apple,2009-06-27,9734000000,0.3041,5751000000,3983000000,341000000,1010000000,1351000000,2632000000,0,2692000000,864000000,0,0,1828000000,0,1828000000,0.29,0.29,6255984000,6364120000,0.00,0.4092,0.295,0.2766,0.19,0.2079,2874000000,2692000000,1828000000
2,Apple,www.apple.com,AAPL,Apple,2009-03-28,9084000000,0.2093,5457000000,3627000000,319000000,985000000,1304000000,2323000000,0,2386000000,766000000,0,0,1620000000,0,1620000000,0.26,0.26,6238260000,6320951000,0.00,0.3993,0.283,0.2627,0.18,0.0816,2567000000,2386000000,1620000000
2,Apple,www.apple.com,AAPL,Apple,2008-12-27,11880000000,0.2365,7373000000,4507000000,315000000,1091000000,1406000000,3101000000,0,3259000000,1004000000,0,0,2255000000,0,2255000000,0.36,0.36,6223994000,6310458000,0.00,0.3794,0.288,0.2743,0.19,0.3029,3427000000,3259000000,2255000000
2,Apple,www.apple.com,AAPL,Apple,2008-09-27,12907000000,0.9012,8116000000,4791000000,298000000,999000000,1297000000,3494000000,0,3634000000,1213000000,0,0,2421000000,0,2421000000,0.39,0.38,6209763000,6338304000,0.00,0.3712,0.294,0.2816,0.19,0.3015,3791000000,3634000000,2421000000
2,Apple,www.apple.com,AAPL,Apple,2008-06-28,7464000000,0.3797,4864000000,2600000000,292000000,916000000,1208000000,1392000000,0,1510000000,438000000,0,0,1072000000,0,1072000000,0.17,0.17,6186166000,6322169000,0.00,0.3483,0.218,0.2023,0.14,0.1363,1627000000,1510000000,1072000000
2,Apple,www.apple.com,AAPL,Apple,2008-03-29,7512000000,0.4271,5038000000,2474000000,273000000,886000000,1159000000,1315000000,0,1477000000,432000000,0,0,1045000000,0,1045000000,0.17,0.17,6156822000,6295303000,0.00,0.3293,0.212,0.1966,0.14,0.1375,1593000000,1477000000,1045000000
2,Apple,www.apple.com,AAPL,Apple,2007-12-29,9608000000,0.3504,6276000000,3332000000,246000000,960000000,1206000000,2126000000,0,2326000000,745000000,0,0,1581000000,0,1581000000,0.26,0.25,6131020000,6300378000,0.00,0.3468,0.253,0.2421,0.17,0.2668,2432000000,2326000000,1581000000
2,Apple,www.apple.com,AAPL,Apple,2007-09-29,6789000000,0.4036,4701000000,2088000000,207000000,823000000,1030000000,1058000000,0,1228000000,325000000,0,0,903000000,0,903000000,0.15,0.14,6096160000,6271181000,0.00,0.3076,0.196,0.1809,0.13,0.2196,1331000000,1228000000,903000000
3,Google,www.google.com,GOOGL,Google,2017-03-31,24750000000,0.2218,9795000000,14955000000,3942000000,4445000000,8387000000,6568000000,0,6819000000,1393000000,0,0,5426000000,0,5426000000,7.85,7.73,691420327,680915000,0.00,0.6042,0.336,0.2755,0.22,0.2861,8322000000,6819000000,5426000000
3,Google,www.google.com,GOOGL,Google,2016-12-31,26064000000,0.2220,10661000000,15403000000,3622000000,5142000000,8764000000,6639000000,0,6857000000,1524000000,0,0,5333000000,0,5333000000,7.73,7.59,689238589,678941000,0.00,0.5910,0.328,0.2631,0.21,0.2436,8544000000,6857000000,5333000000
3,Google,www.google.com,GOOGL,Google,2016-09-30,22451000000,0.2022,8699000000,13752000000,3596000000,4389000000,7985000000,5767000000,0,6045000000,984000000,0,0,5061000000,0,5061000000,7.36,7.25,687273797,677097000,0.00,0.6125,0.340,0.2693,0.23,0.3335,7641000000,6045000000,5061000000
3,Google,www.google.com,GOOGL,Google,2016-06-30,21500000000,0.2128,8130000000,13370000000,3363000000,4039000000,7402000000,5968000000,0,6119000000,1242000000,0,0,4877000000,0,4877000000,7.11,7.00,686555233,675115000,0.00,0.6219,0.354,0.2846,0.23,0.3254,7609000000,6119000000,4877000000
3,Google,www.google.com,GOOGL,Google,2016-03-31,20257000000,0.1738,7648000000,12609000000,3367000000,3900000000,7267000000,5342000000,0,5129000000,922000000,0,0,4207000000,0,4207000000,6.12,6.02,688319767,672587000,0.00,0.6225,0.321,0.2532,0.21,0.2582,6500000000,5129000000,4207000000
3,Google,www.google.com,GOOGL,Google,2015-12-31,21329000000,0.1782,8188000000,13141000000,3510000000,4251000000,7761000000,5380000000,0,5200000000,277000000,0,0,4923000000,0,4923000000,7.16,7.07,687725164,669670000,0.00,0.6161,0.310,0.2438,0.23,0.2114,6604000000,5200000000,4923000000
3,Google,www.google.com,GOOGL,Google,2015-09-30,18675000000,0.1302,7037000000,11638000000,3230000000,3700000000,6930000000,4708000000,0,4891000000,912000000,0,0,3979000000,0,3979000000,5.80,5.73,685535249,667232000,0.00,0.6232,0.329,0.2619,0.21,0.2020,6139000000,4891000000,3979000000
3,Google,www.google.com,GOOGL,Google,2015-06-30,17727000000,0.1111,6583000000,11144000000,2789000000,3530000000,6319000000,4825000000,0,4956000000,1025000000,0,0,3931000000,522000000,3409000000,4.99,4.93,682409365,664960000,0.00,0.6286,0.349,0.2796,0.19,0.2584,6190000000,4956000000,3931000000
3,Google,www.google.com,GOOGL,Google,2015-03-31,17258000000,0.1192,6356000000,10902000000,2753000000,3702000000,6455000000,4447000000,0,4604000000,1089000000,0,0,3515000000,0,3515000000,5.16,5.10,680915000,660908000,0.00,0.6317,0.335,0.2668,0.20,0.2199,5781000000,4604000000,3515000000
3,Google,www.google.com,GOOGL,Google,2014-12-31,18103000000,0.1525,6921000000,11182000000,2813000000,3970000000,6783000000,4399000000,0,5494000000,819000000,0,-967000000,4675000000,0,4675000000,6.89,6.79,678941000,658992000,0.00,0.6177,0.373,0.3035,0.26,0.4471,6761000000,5494000000,4675000000
3,Google,www.google.com,GOOGL,Google,2014-09-30,16523000000,0.2013,6695000000,9828000000,2655000000,3449000000,6104000000,3724000000,0,3746000000,933000000,0,185000000,2813000000,0,2813000000,4.05,3.98,677097000,655570000,0.00,0.5948,0.320,0.2267,0.17,0.1474,5293000000,3746000000,2739000000
3,Google,www.google.com,GOOGL,Google,2014-06-30,15955000000,0.2173,6114000000,9841000000,2238000000,3345000000,5583000000,4258000000,0,4406000000,984000000,0,68000000,3422000000,0,3422000000,4.96,4.88,675115000,652544000,567.97,0.6168,0.344,0.2762,0.21,0.1528,5485000000,4406000000,3351000000
3,Google,www.google.com,GOOGL,Google,2014-03-31,15420000000,0.1906,5961000000,9459000000,2126000000,3218000000,5344000000,4115000000,0,4274000000,822000000,0,198000000,3452000000,0,3452000000,5.13,5.04,672587000,650598000,0.00,0.6134,0.348,0.2772,0.22,-0.0584,5360000000,4274000000,3452000000
3,Google,www.google.com,GOOGL,Google,2013-12-31,15707000000,0.5275,6253000000,9454000000,1933000000,3092000000,5025000000,4429000000,0,4035000000,846000000,0,506000000,3189000000,0,3189000000,4.76,4.67,669670000,,0.00,0.6019,0.323,0.2569,0.20,0.1823,5071000000,4035000000,3189000000
3,Google,www.google.com,GOOGL,Google,2013-09-30,13754000000,0.0338,5409000000,8345000000,1821000000,2763000000,4584000000,3761000000,0,3582000000,612000000,0,193000000,2970000000,0,2970000000,4.45,4.38,667232000,,0.00,0.6067,0.331,0.2604,0.22,0.2012,4556000000,3582000000,2970000000
3,Google,www.google.com,GOOGL,Google,2013-06-30,13107000000,0.1101,5195000000,7912000000,1766000000,2681000000,4447000000,3465000000,0,4155000000,927000000,0,-454000000,3228000000,0,3228000000,4.85,4.77,664960000,,0.00,0.6036,0.396,0.3170,0.25,0.1559,5185000000,4155000000,3228000000
3,Google,www.google.com,GOOGL,Google,2013-03-31,12951000000,0.2166,5136000000,7815000000,1617000000,2450000000,4067000000,3748000000,0,3700000000,354000000,0,182000000,3346000000,0,3346000000,5.06,4.97,660908000,,0.00,0.6034,0.355,0.2857,0.26,0.1682,4599000000,3700000000,3346000000
3,Google,www.google.com,GOOGL,Google,2012-12-31,10283000000,-0.0283,2755000000,7528000000,1225000000,1835000000,3060000000,4468000000,0,3843000000,957000000,0,786000000,2886000000,0,2886000000,4.38,4.31,658992000,,0.00,0.7321,0.466,0.3737,0.28,0.3650,4796000000,3843000000,2886000000
3,Google,www.google.com,GOOGL,Google,2012-09-30,13304000000,0.3687,5955000000,7349000000,1879000000,2730000000,4609000000,2740000000,0,2823000000,647000000,0,0,2176000000,0,2176000000,3.32,3.27,655570000,,0.00,0.5524,0.274,0.2122,0.16,0.1960,3651000000,2823000000,2176000000
3,Google,www.google.com,GOOGL,Google,2012-06-30,11807000000,0.3081,4677000000,7130000000,1538000000,2355000000,3893000000,3237000000,0,3442000000,657000000,0,0,2785000000,0,2785000000,4.27,4.21,652544000,,0.00,0.6039,0.348,0.2915,0.24,-0.5570,4112000000,3442000000,2785000000
3,Google,www.google.com,GOOGL,Google,2012-03-31,10645000000,0.2414,3789000000,6856000000,1441000000,2026000000,3467000000,3389000000,0,3545000000,655000000,0,0,2890000000,0,2890000000,4.44,4.38,650598000,,0.00,0.6441,0.381,0.3330,0.27,0.2814,4056000000,3545000000,2890000000
3,Google,www.google.com,GOOGL,Google,2011-12-31,10583000000,0.2539,3703000000,6880000000,1301000000,2072000000,3373000000,3507000000,0,3489000000,785000000,0,0,2704000000,0,2704000000,4.18,4.12,647774982,,0.00,0.6501,0.377,0.3297,0.26,0.2290,3992000000,3489000000,2704000000
3,Google,www.google.com,GOOGL,Google,2011-09-30,9720000000,0.3341,3378000000,6342000000,1404000000,1880000000,3284000000,3058000000,0,3360000000,631000000,0,0,2729000000,0,2729000000,4.22,4.17,645775526,,0.00,0.6525,0.396,0.3457,0.28,0.2863,3852000000,3360000000,2729000000
3,Google,www.google.com,GOOGL,Google,2011-06-30,9026000000,0.3235,3172000000,5854000000,1234000000,1739000000,2973000000,2881000000,0,3085000000,580000000,0,0,2505000000,0,2505000000,3.88,3.84,644503650,,0.00,0.6486,0.392,0.3418,0.28,0.1927,3540000000,3085000000,2505000000
3,Google,www.google.com,GOOGL,Google,2011-03-31,8575000000,0.2657,2936000000,5639000000,1226000000,1617000000,3343000000,2296000000,0,2392000000,594000000,0,0,1798000000,0,1798000000,2.79,2.75,643044210,,0.00,0.6576,0.326,0.2790,0.21,0.2661,2793000000,2392000000,1798000000
3,Google,www.google.com,GOOGL,Google,2010-12-31,8440000000,0.2646,2946000000,5494000000,1051000000,1461000000,2512000000,2982000000,0,3142000000,599000000,0,0,2543000000,0,2543000000,3.98,3.91,639550228,,0.00,0.6509,0.417,0.3723,0.30,-0.0102,3523000000,3142000000,2543000000
3,Google,www.google.com,GOOGL,Google,2010-09-30,7286000000,0.2256,2552000000,4734000000,994000000,1193000000,2187000000,2547000000,0,2714000000,547000000,0,0,2167000000,0,2167000000,3.40,3.36,637412224,,0.00,0.6497,0.419,0.3725,0.30,0.2921,3056000000,2714000000,2167000000
3,Google,www.google.com,GOOGL,Google,2010-06-30,6820000000,0.2348,2467000000,4353000000,898000000,1090000000,1988000000,2365000000,0,2434000000,594000000,0,0,1840000000,0,1840000000,2.89,2.85,636973018,,0.00,0.6383,0.407,0.3569,0.27,0.2359,2776000000,2434000000,1840000000
3,Google,www.google.com,GOOGL,Google,2010-03-31,6775000000,0.2298,2452000000,4323000000,818000000,1017000000,1835000000,2488000000,0,2506000000,551000000,0,0,1955000000,0,1955000000,3.08,3.03,635958582,,0.00,0.6381,0.419,0.3699,0.29,0.3461,2837000000,2506000000,1955000000
3,Google,www.google.com,GOOGL,Google,2009-12-31,6674000000,0.1706,2408000000,4266000000,736000000,1049000000,1785000000,2481000000,0,2569000000,595000000,0,0,1974000000,0,1974000000,3.12,3.07,634540710,,0.00,0.6392,0.440,0.3849,0.30,0.3761,2934000000,2569000000,1974000000
3,Google,www.google.com,GOOGL,Google,2009-09-30,5945000000,0.0728,2226000000,3719000000,758000000,887000000,1645000000,2074000000,0,2067000000,428000000,0,0,1639000000,0,1639000000,2.59,2.56,633142602,,0.00,0.6256,0.411,0.3477,0.28,0.4271,2446000000,2067000000,1639000000
3,Google,www.google.com,GOOGL,Google,2009-06-30,5523000000,0.0290,2108000000,3415000000,708000000,833000000,1541000000,1874000000,0,1856000000,371000000,0,0,1485000000,0,1485000000,2.35,2.33,631878518,,0.00,0.6183,0.404,0.3360,0.27,0.2662,2233000000,1856000000,1485000000
3,Google,www.google.com,GOOGL,Google,2009-03-31,5509000000,0.0623,2102000000,3407000000,642000000,881000000,1523000000,1884000000,0,1890000000,467000000,0,0,1423000000,0,1423000000,2.25,2.25,630587414,,0.00,0.6184,0.416,0.3431,0.26,0.3607,2293000000,1890000000,1423000000
3,Google,www.google.com,GOOGL,Google,2008-12-31,5701354000,0.1812,2190499000,3510855000,733149000,917470000,1650619000,1860236000,0,834751000,452167000,0,0,382584000,0,382584000,0.61,0.61,629508226,,0.00,0.6158,0.252,0.1464,0.07,0.3020,1435989000,834751000,382584000
3,Google,www.google.com,GOOGL,Google,2008-09-30,5541391000,0.3096,2173390000,3368001000,704571000,1015865000,1720436000,1647565000,0,1668782000,378844000,0,0,1289938000,0,1289938000,2.05,2.03,628892878,,0.00,0.6078,0.357,0.3011,0.23,-0.2805,1978264000,1668782000,1289938000
3,Google,www.google.com,GOOGL,Google,2008-06-30,5367212000,0.3862,2147575000,3219637000,682210000,959462000,1641672000,1577965000,0,1635888000,388497000,0,0,1247391000,0,1247391000,1.99,1.96,628185686,,0.00,0.5999,0.362,0.3048,0.23,0.1991,1944604000,1635888000,1247391000
3,Google,www.google.com,GOOGL,Google,2008-03-31,5186043000,0.4154,2110536000,3075507000,673069000,856203000,1529272000,1546235000,0,1713578000,406492000,0,0,1307086000,0,1307086000,2.08,2.06,626757776,,0.00,0.5930,0.385,0.3304,0.25,0.1808,1994142000,1713578000,1307086000
3,Google,www.google.com,GOOGL,Google,2007-12-31,4826679000,0.5058,1955824000,2870855000,630783000,799338000,1430121000,1440734000,0,1608027000,401578000,0,0,1206449000,0,1206449000,1.93,1.89,625680970,,0.00,0.5948,0.416,0.3332,0.25,0.1930,2009844000,1608027000,1206449000
3,Google,www.google.com,GOOGL,Google,2007-09-30,4231351000,0.5732,1662579000,2568772000,548712000,702218000,1250930000,1317842000,0,1472270000,402281000,0,0,1069989000,0,1069989000,1.72,1.69,624270356,,0.00,0.6071,0.397,0.3479,0.25,0.0607,1679685000,1472270000,1069989000
4,IBM,www.ibm.com,IBM,IBM,2017-03-31,18155000000,-0.0283,10383000000,7772000000,1088000000,5152000000,6212000000,1560000000,135000000,1421000000,-329000000,0,3000000,1750000000,0,1750000000,1.86,1.85,942400000,947800000,1.40,0.4281,0.146,0.0857,0.10,0.1727,2655000000,1556000000,1750000000
4,IBM,www.ibm.com,IBM,IBM,2016-12-31,21770000000,-0.0131,10877000000,10893000000,910000000,4976000000,5750000000,5143000000,157000000,4981000000,480000000,0,5000000,4501000000,0,4501000000,4.73,4.71,948590120,952756388,1.40,0.5004,0.288,0.2360,0.21,0.1255,6265000000,5138000000,4501000000
4,IBM,www.ibm.com,IBM,IBM,2016-09-30,19226000000,-0.0028,10213000000,9013000000,869000000,4732000000,5593000000,3420000000,158000000,3262000000,409000000,0,1000000,2853000000,0,2853000000,2.99,2.98,954000000,957300000,1.40,0.4688,0.237,0.1779,0.15,0.1748,4547000000,3420000000,2853000000
4,IBM,www.ibm.com,IBM,IBM,2016-06-30,20238000000,-0.0276,10536000000,9702000000,1100000000,5349000000,6486000000,3216000000,167000000,3048000000,544000000,0,0,2504000000,0,2504000000,2.62,2.61,957400000,960500000,1.40,0.4794,0.213,0.1589,0.12,0.1218,4318000000,3215000000,2504000000
4,IBM,www.ibm.com,IBM,IBM,2016-03-31,18684000000,-0.0462,9999000000,8685000000,1241000000,6012000000,7506000000,1179000000,147000000,1031000000,-983000000,0,3000000,2014000000,0,2014000000,2.09,2.09,961700000,964400000,1.30,0.4648,0.118,0.0630,0.11,0.2440,2202000000,1178000000,2014000000
4,IBM,www.ibm.com,IBM,IBM,2015-12-31,22059000000,-0.0852,10652000000,11407000000,1169000000,5157000000,6180000000,5227000000,128000000,5101000000,638000000,0,-2000000,4463000000,0,4463000000,4.59,4.57,969578092,972801068,1.30,0.5171,0.282,0.2370,0.20,0.1932,6219000000,5229000000,4463000000
4,IBM,www.ibm.com,IBM,IBM,2015-09-30,19280000000,-0.1392,9844000000,9436000000,1099000000,4731000000,5697000000,3739000000,117000000,3609000000,659000000,0,12000000,2950000000,0,2950000000,3.03,3.01,975100000,979000000,1.30,0.4894,0.242,0.1933,0.15,0.1713,4662000000,3726000000,2950000000
4,IBM,www.ibm.com,IBM,IBM,2015-06-30,20813000000,-0.1345,10423000000,10390000000,1172000000,5179000000,6050000000,4340000000,115000000,4147000000,698000000,0,77000000,3449000000,0,3449000000,3.51,3.50,982300000,986700000,1.30,0.4992,0.251,0.2048,0.17,0.1430,5223000000,4262000000,3449000000
4,IBM,www.ibm.com,IBM,IBM,2015-03-31,19590000000,-0.1190,10138000000,9452000000,1125000000,5362000000,6344000000,3108000000,108000000,2913000000,585000000,0,88000000,2328000000,0,2328000000,2.36,2.35,988100000,992300000,1.10,0.4825,0.204,0.1542,0.12,0.1372,3989000000,3021000000,2328000000
4,IBM,www.ibm.com,IBM,IBM,2014-12-31,24113000000,-0.1195,11251000000,12862000000,1121000000,6034000000,5650000000,7212000000,117000000,7062000000,1579000000,0,31000000,5483000000,0,5483000000,5.49,5.46,990390336,995301920,1.10,0.5334,0.341,0.2977,0.23,0.2108,8225000000,7179000000,5483000000
4,IBM,www.ibm.com,IBM,IBM,2014-09-30,22397000000,-0.0403,11523000000,10874000000,1209000000,5281000000,6387000000,4487000000,126000000,924000000,906000000,0,3437000000,18000000,0,18000000,0.02,0.02,991800000,997700000,1.10,0.4855,0.098,0.0469,0.00,0.1293,2189000000,1050000000,18000000
4,IBM,www.ibm.com,IBM,IBM,2014-06-30,24047000000,-0.0352,12003000000,12044000000,1170000000,5593000000,6561000000,5483000000,136000000,5233000000,1096000000,0,0,4137000000,0,4137000000,4.14,4.12,999600000,1005100000,1.10,0.5009,0.272,0.2233,0.17,0.1110,6535000000,5369000000,4137000000
4,IBM,www.ibm.com,IBM,IBM,2014-03-31,22236000000,-0.0501,11608000000,10628000000,1195000000,6272000000,7340000000,3288000000,105000000,3037000000,653000000,0,0,2384000000,0,2384000000,2.30,2.29,1035200000,1041800000,0.95,0.4780,0.193,0.1413,0.11,0.1097,4283000000,3142000000,2384000000
4,IBM,www.ibm.com,IBM,IBM,2013-12-31,27385000000,-0.0103,13048000000,14337000000,1251000000,5988000000,7123000000,7214000000,113000000,7069000000,885000000,0,32000000,6184000000,0,6184000000,5.71,5.67,1072546416,1080068624,0.95,0.5235,0.307,0.2623,0.23,0.1997,8396000000,7182000000,6184000000
4,IBM,www.ibm.com,IBM,IBM,2013-09-30,23338000000,-0.0569,11908000000,11430000000,1165000000,5260000000,6362000000,5068000000,97000000,4873000000,832000000,0,0,4041000000,0,4041000000,3.70,3.68,1090900000,1098800000,0.95,0.4898,0.263,0.2130,0.17,0.1165,6145000000,4970000000,4041000000
4,IBM,www.ibm.com,IBM,IBM,2013-06-30,24924000000,-0.0333,12792000000,12132000000,1301000000,6680000000,7890000000,4242000000,98000000,4144000000,918000000,0,0,3226000000,0,3226000000,2.93,2.91,1100900000,1109400000,0.95,0.4868,0.216,0.1702,0.13,0.0897,5378000000,4242000000,3226000000
4,IBM,www.ibm.com,IBM,IBM,2013-03-31,23408000000,-0.0513,12730000000,10678000000,1461000000,5577000000,6978000000,3700000000,94000000,3606000000,574000000,0,0,3032000000,0,3032000000,2.72,2.70,1113700000,1124000000,0.85,0.4562,0.207,0.1581,0.13,0.1407,4853000000,3700000000,3032000000
4,IBM,www.ibm.com,IBM,IBM,2012-12-31,27671000000,-0.0616,12441000000,15230000000,867000000,5831000000,6651000000,8579000000,109000000,8074000000,2241000000,0,395000000,5833000000,0,5833000000,5.15,5.10,1124834084,1136397268,0.85,0.5504,0.337,0.2957,0.21,0.1938,9335000000,8183000000,5833000000
4,IBM,www.ibm.com,IBM,IBM,2012-09-30,24747000000,-0.0539,13016000000,11731000000,1231000000,5908000000,6533000000,5198000000,124000000,5075000000,1251000000,0,0,3824000000,0,3824000000,3.36,3.33,1137200000,1149300000,0.85,0.4740,0.258,0.2101,0.16,0.1402,6390000000,5199000000,3824000000
4,IBM,www.ibm.com,IBM,IBM,2012-06-30,25783000000,-0.0331,13502000000,12281000000,1298000000,5837000000,7003000000,5278000000,117000000,5161000000,1280000000,0,0,3881000000,0,3881000000,3.38,3.34,1149000000,1161900000,0.85,0.4763,0.250,0.2047,0.15,0.1224,6454000000,5278000000,3881000000
4,IBM,www.ibm.com,IBM,IBM,2012-03-31,24673000000,0.0027,13555000000,11118000000,1346000000,5886000000,7174000000,3944000000,110000000,3835000000,769000000,0,0,3066000000,0,3066000000,2.65,2.61,1159100000,1174200000,0.75,0.4506,0.207,0.1599,0.12,0.1333,5102000000,3945000000,3066000000
4,IBM,www.ibm.com,IBM,IBM,2011-12-31,29486000000,0.0161,14764000000,14722000000,1302000000,6076000000,7335000000,7387000000,113000000,7274000000,1784000000,0,0,5490000000,0,5490000000,4.65,4.58,1172204024,1188771940,0.75,0.4993,0.291,0.2505,0.19,0.2048,8575000000,7387000000,5490000000
4,IBM,www.ibm.com,IBM,IBM,2011-09-30,26157000000,0.0777,13984000000,12173000000,1248000000,5662000000,7038000000,5135000000,107000000,5027000000,1188000000,0,0,3839000000,0,3839000000,3.23,3.19,1188600000,1204900000,0.75,0.4654,0.242,0.1963,0.15,0.1410,6326000000,5134000000,3839000000
4,IBM,www.ibm.com,IBM,IBM,2011-06-30,26666000000,0.1240,14282000000,12384000000,1274000000,6030000000,7401000000,4983000000,97000000,4885000000,1221000000,0,0,3664000000,0,3664000000,3.04,3.00,1204800000,1221400000,0.75,0.4644,0.232,0.1868,0.14,0.1248,6189000000,4982000000,3664000000
4,IBM,www.ibm.com,IBM,IBM,2011-03-31,24607000000,0.0766,13749000000,10858000000,1325000000,5826000000,6949000000,3909000000,93000000,3817000000,954000000,0,0,2863000000,0,2863000000,2.34,2.31,1222200000,1240000000,0.65,0.4413,0.209,0.1589,0.12,0.1111,5138000000,3910000000,2863000000
4,IBM,www.ibm.com,IBM,IBM,2010-12-31,29018000000,0.0657,14792000000,14226000000,1260000000,5951000000,7170000000,7056000000,101000000,6955000000,1698000000,0,0,5257000000,0,5257000000,4.20,4.14,1240256808,1258421552,0.65,0.4902,0.286,0.2432,0.18,0.1962,8291000000,7056000000,5257000000
4,IBM,www.ibm.com,IBM,IBM,2010-09-30,24271000000,0.0299,13270000000,11001000000,1186000000,5149000000,6229000000,4772000000,95000000,4677000000,1088000000,0,0,3589000000,0,3589000000,2.86,2.82,1255200000,1272800000,0.65,0.4533,0.246,0.1966,0.15,0.1460,5975000000,4772000000,3589000000
4,IBM,www.ibm.com,IBM,IBM,2010-06-30,23724000000,0.0204,12915000000,10809000000,1178000000,5061000000,6144000000,4665000000,90000000,4576000000,1190000000,0,0,3386000000,0,3386000000,2.65,2.61,1278600000,1296700000,0.65,0.4556,0.247,0.1967,0.14,0.1179,5849000000,4666000000,3386000000
4,IBM,www.ibm.com,IBM,IBM,2010-03-31,22857000000,0.0528,12880000000,9977000000,1248000000,5677000000,6380000000,3597000000,82000000,3515000000,914000000,0,0,2601000000,0,2601000000,2.00,1.97,1301200000,1321600000,0.55,0.4365,0.210,0.1574,0.11,0.1546,4807000000,3597000000,2601000000
4,IBM,www.ibm.com,IBM,IBM,2009-12-31,27230000000,0.0083,14085000000,13145000000,1147000000,5560000000,6682000000,6463000000,81000000,6381000000,1568000000,0,0,4813000000,0,4813000000,3.65,3.59,1318329640,1340611016,0.55,0.4827,0.284,0.2373,0.18,0.1946,7727000000,6462000000,4813000000
4,IBM,www.ibm.com,IBM,IBM,2009-09-30,23566000000,-0.0686,12938000000,10628000000,1152000000,5013000000,6170000000,4458000000,84000000,4373000000,1159000000,0,0,3214000000,0,3214000000,2.44,2.40,1319900000,1338200000,0.55,0.4510,0.243,0.1891,0.14,0.1792,5715000000,4457000000,3214000000
4,IBM,www.ibm.com,IBM,IBM,2009-06-30,23250000000,-0.1331,12669000000,10581000000,1132000000,5115000000,6219000000,4362000000,101000000,4262000000,1159000000,0,0,3103000000,0,3103000000,2.34,2.32,1326100000,1336900000,0.55,0.4551,0.241,0.1877,0.13,0.1668,5605000000,4363000000,3103000000
4,IBM,www.ibm.com,IBM,IBM,2009-03-31,21711000000,-0.1139,12280000000,9431000000,1212000000,5264000000,6172000000,3259000000,136000000,3122000000,827000000,0,0,2295000000,0,2295000000,1.71,1.70,1344300000,1349500000,0.50,0.4344,0.207,0.1501,0.11,0.1670,4487000000,3258000000,2295000000
4,IBM,www.ibm.com,IBM,IBM,2008-12-31,27007000000,-0.0644,14071000000,12936000000,1200000000,5833000000,6936000000,6000000000,191000000,5809000000,1382000000,0,0,4427000000,0,4427000000,3.27,3.24,1347368276,1353588792,0.50,0.4790,0.271,0.2222,0.16,0.2070,7321000000,6000000000,4427000000
4,IBM,www.ibm.com,IBM,IBM,2008-09-30,25302000000,0.0490,14342000000,10960000000,1312000000,5644000000,6905000000,4055000000,159000000,3895000000,1071000000,0,0,2824000000,0,2824000000,2.08,2.04,1359500000,1384100000,0.50,0.4332,0.215,0.1602,0.11,0.1032,5433000000,4054000000,2824000000
4,IBM,www.ibm.com,IBM,IBM,2008-06-30,26820000000,0.1282,15221000000,11599000000,1375000000,6289000000,7640000000,3959000000,145000000,3814000000,1049000000,0,0,2765000000,0,2765000000,2.01,1.97,1376200000,1402100000,0.50,0.4325,0.200,0.1476,0.10,0.1150,5362000000,3959000000,2765000000
4,IBM,www.ibm.com,IBM,IBM,2008-03-31,24502000000,0.1123,14336000000,10166000000,1295000000,5620000000,6790000000,3376000000,178000000,3198000000,879000000,0,0,2319000000,0,2319000000,1.67,1.64,1394300000,1411400000,0.40,0.4149,0.193,0.1378,0.10,0.1220,4723000000,3376000000,2319000000
4,IBM,www.ibm.com,IBM,IBM,2007-12-31,28866000000,0.0993,15897000000,12969000000,1348000000,6016000000,7266000000,5703000000,215000000,5489000000,1537000000,0,1000000,3952000000,0,3952000000,2.77,2.73,1427740884,1438223004,0.40,0.4493,0.244,0.1976,0.14,0.1291,7041000000,5704000000,3952000000
4,IBM,www.ibm.com,IBM,IBM,2007-09-30,24119000000,0.0664,14163000000,9956000000,1254000000,5324000000,6483000000,3473000000,193000000,3279000000,918000000,0,-1000000,2361000000,0,2361000000,1.72,1.68,1371400000,1405800000,0.40,0.4128,0.200,0.1440,0.10,0.1320,4812000000,3472000000,2361000000
5,Intel,www.intel.com,INTC,Intel,2017-04-01,14796000000,0.0798,5649000000,9147000000,3326000000,2104000000,5548000000,3599000000,36000000,3815000000,851000000,0,0,2964000000,0,2964000000,0.63,0.61,4723000000,4881000000,0.26,0.6182,0.392,0.2603,0.20,0.1315,5797000000,3851000000,2964000000
5,Intel,www.intel.com,INTC,Intel,2016-12-31,16374000000,0.0979,6269000000,10105000000,3280000000,2158000000,5579000000,4526000000,104000000,4440000000,878000000,0,0,3562000000,0,3562000000,0.75,0.73,4736000000,4884000000,0.26,0.6171,0.395,0.2775,0.22,0.2822,6474000000,4544000000,3562000000
5,Intel,www.intel.com,INTC,Intel,2016-10-01,15778000000,0.0908,5795000000,9983000000,3069000000,2006000000,5521000000,4462000000,132000000,4318000000,940000000,0,0,3378000000,0,3378000000,0.71,0.69,4734000000,4877000000,0.26,0.6327,0.404,0.2820,0.21,0.2088,6378000000,4450000000,3378000000
5,Intel,www.intel.com,INTC,Intel,2016-07-02,13533000000,0.0256,5560000000,7973000000,3145000000,2007000000,6655000000,1318000000,126000000,1670000000,340000000,0,0,1330000000,0,1330000000,0.28,0.27,4729000000,4866000000,0.26,0.5892,0.274,0.1327,0.10,0.1152,3713000000,1796000000,1330000000
5,Intel,www.intel.com,INTC,Intel,2016-04-02,13702000000,0.0721,5572000000,8130000000,3246000000,2226000000,5562000000,2568000000,82000000,2508000000,462000000,0,0,2046000000,0,2046000000,0.43,0.42,4722000000,4875000000,0.26,0.5933,0.336,0.1890,0.15,0.1977,4605000000,2590000000,2046000000
5,Intel,www.intel.com,INTC,Intel,2015-12-26,14914000000,0.0131,5324000000,9590000000,3119000000,2118000000,5291000000,4299000000,14000000,4303000000,690000000,0,0,3613000000,0,3613000000,0.77,0.74,4721000000,4876000000,0.24,0.6430,0.433,0.2895,0.24,0.2078,6463000000,4317000000,3613000000
5,Intel,www.intel.com,INTC,Intel,2015-09-26,14465000000,-0.0061,5354000000,9111000000,2927000000,1910000000,4919000000,4192000000,104000000,4253000000,1144000000,0,0,3109000000,0,3109000000,0.65,0.64,4747000000,4876000000,0.24,0.6299,0.458,0.3012,0.22,0.3131,6632000000,4357000000,3109000000
5,Intel,www.intel.com,INTC,Intel,2015-06-27,13195000000,-0.0460,4947000000,8248000000,3087000000,1949000000,5352000000,2896000000,13000000,2983000000,277000000,0,0,2706000000,0,2706000000,0.57,0.55,4759000000,4909000000,0.24,0.6251,0.393,0.2271,0.21,0.1268,5187000000,2996000000,2706000000
5,Intel,www.intel.com,INTC,Intel,2015-03-28,12781000000,0.0013,5051000000,7730000000,2995000000,1953000000,5115000000,2615000000,-26000000,2673000000,681000000,0,0,1992000000,0,1992000000,0.42,0.41,4741000000,4914000000,0.24,0.6048,0.371,0.2071,0.16,0.1870,4746000000,2647000000,1992000000
5,Intel,www.intel.com,INTC,Intel,2014-12-27,14721000000,0.0641,5100000000,9621000000,2990000000,2049000000,5168000000,4453000000,27000000,4659000000,998000000,0,0,3661000000,0,3661000000,0.76,0.73,4769000000,4939000000,0.23,0.6536,0.466,0.3183,0.25,0.2465,6860000000,4686000000,3661000000
5,Intel,www.intel.com,INTC,Intel,2014-09-27,14554000000,0.0794,5096000000,9458000000,2842000000,1979000000,4918000000,4540000000,25000000,4550000000,1233000000,0,0,3317000000,0,3317000000,0.68,0.66,4880000000,5045000000,0.23,0.6499,0.465,0.3143,0.23,0.2232,6773000000,4575000000,3317000000
5,Intel,www.intel.com,INTC,Intel,2014-06-28,13831000000,0.0796,4914000000,8917000000,2859000000,2061000000,5073000000,3844000000,17000000,3922000000,1126000000,0,0,2796000000,0,2796000000,0.56,0.55,4981000000,5123000000,0.23,0.6447,0.442,0.2848,0.20,0.1898,6109000000,3939000000,2796000000
5,Intel,www.intel.com,INTC,Intel,2014-03-29,12764000000,0.0146,5151000000,7613000000,2846000000,2047000000,5103000000,2510000000,-112000000,2670000000,740000000,0,0,1930000000,0,1930000000,0.39,0.38,4974000000,5117000000,0.23,0.5964,0.358,0.2004,0.15,0.0636,4565000000,2558000000,1930000000
5,Intel,www.intel.com,INTC,Intel,2013-12-28,13834000000,0.0265,5263000000,8571000000,2826000000,2006000000,5022000000,3549000000,32000000,3551000000,926000000,0,0,2625000000,0,2625000000,0.53,0.52,4973000000,5103000000,0.23,0.6196,0.400,0.2590,0.19,0.2234,5539000000,3583000000,2625000000
5,Intel,www.intel.com,INTC,Intel,2013-09-28,13483000000,0.0019,5069000000,8414000000,2742000000,1970000000,4910000000,3504000000,32000000,3924000000,974000000,0,0,2950000000,0,2950000000,0.59,0.58,4981000000,5100000000,0.23,0.6240,0.443,0.2934,0.22,0.2125,5977000000,3956000000,2950000000
5,Intel,www.intel.com,INTC,Intel,2013-06-29,12811000000,-0.0511,5341000000,7470000000,2516000000,2165000000,4751000000,2719000000,37000000,2693000000,693000000,0,0,2000000000,0,2000000000,0.40,0.39,4978000000,5106000000,0.23,0.5831,0.369,0.2131,0.16,0.1560,4721000000,2730000000,2000000000
5,Intel,www.intel.com,INTC,Intel,2013-03-30,12580000000,-0.0253,5514000000,7066000000,2527000000,1947000000,4547000000,2519000000,50000000,2443000000,398000000,0,0,2045000000,0,2045000000,0.41,0.40,4948000000,5080000000,0.23,0.5617,0.362,0.1982,0.16,0.1678,4557000000,2493000000,2045000000
5,Intel,www.intel.com,INTC,Intel,2012-12-29,13477000000,-0.0295,5660000000,7817000000,2629000000,1958000000,4662000000,3155000000,11000000,3204000000,736000000,0,0,2468000000,0,2468000000,0.49,0.48,4966000000,5097000000,0.23,0.5800,0.387,0.2386,0.18,0.2613,5220000000,3215000000,2468000000
5,Intel,www.intel.com,INTC,Intel,2012-09-29,13457000000,-0.0545,4942000000,8515000000,2605000000,1995000000,4674000000,3841000000,-27000000,3921000000,949000000,0,0,2972000000,0,2972000000,0.59,0.58,4996000000,5153000000,0.23,0.6328,0.430,0.2894,0.22,0.1679,5787000000,3894000000,2972000000
5,Intel,www.intel.com,INTC,Intel,2012-06-30,13501000000,0.0360,4947000000,8554000000,2513000000,2131000000,4722000000,3832000000,-55000000,3934000000,1107000000,0,0,2827000000,0,2827000000,0.56,0.54,5022000000,5199000000,0.21,0.6336,0.424,0.2873,0.21,0.1538,5718000000,3879000000,2827000000
5,Intel,www.intel.com,INTC,Intel,2012-03-31,12906000000,0.0046,4641000000,8265000000,2401000000,1973000000,4455000000,3810000000,-23000000,3814000000,1076000000,0,0,2738000000,0,2738000000,0.55,0.53,4999000000,5192000000,0.21,0.6404,0.432,0.2937,0.21,-0.0002,5576000000,3791000000,2738000000
5,Intel,www.intel.com,INTC,Intel,2011-12-31,13887000000,0.2121,4935000000,8952000000,2308000000,1973000000,4353000000,4599000000,29000000,4587000000,1227000000,0,0,3360000000,0,3360000000,0.66,0.64,5073000000,5246000000,0.21,0.6446,0.447,0.3324,0.24,0.2726,6205000000,4616000000,3360000000
5,Intel,www.intel.com,INTC,Intel,2011-10-01,14233000000,0.2820,5215000000,9018000000,2140000000,2017000000,4233000000,4785000000,-15000000,4892000000,1424000000,0,0,3468000000,0,3468000000,0.67,0.65,5194000000,5340000000,0.21,0.6336,0.450,0.3427,0.24,0.2555,6406000000,4877000000,3468000000
5,Intel,www.intel.com,INTC,Intel,2011-07-02,13032000000,0.2106,5130000000,7902000000,1986000000,1905000000,3967000000,3935000000,-21000000,3931000000,977000000,0,0,2954000000,0,2954000000,0.56,0.54,5294000000,5441000000,0.18,0.6064,0.415,0.3000,0.23,0.1141,5414000000,3910000000,2954000000
5,Intel,www.intel.com,INTC,Intel,2011-04-02,12847000000,0.2474,4962000000,7885000000,1916000000,1775000000,3727000000,4158000000,-185000000,4371000000,1211000000,0,0,3160000000,0,3160000000,0.58,0.56,5452000000,5606000000,0.18,0.6138,0.438,0.3258,0.25,0.1004,5628000000,4186000000,3160000000
5,Intel,www.intel.com,INTC,Intel,2010-12-25,11457000000,0.0840,4051000000,7406000000,1671000000,1705000000,3383000000,4023000000,-31000000,4163000000,983000000,0,0,3180000000,0,3180000000,0.57,0.56,5552000000,5699000000,0.16,0.6464,0.466,0.3607,0.28,0.3213,5338000000,4132000000,3180000000
5,Intel,www.intel.com,INTC,Intel,2010-09-25,11102000000,0.1824,3781000000,7321000000,1675000000,1506000000,3185000000,4136000000,-38000000,4251000000,1296000000,0,0,2955000000,0,2955000000,0.53,0.52,5575000000,5694000000,0.16,0.6594,0.482,0.3795,0.27,0.1995,5355000000,4213000000,2955000000
5,Intel,www.intel.com,INTC,Intel,2010-06-26,10765000000,0.3416,3530000000,7235000000,1666000000,1584000000,3254000000,3981000000,-11000000,4185000000,1298000000,0,0,2887000000,0,2887000000,0.52,0.51,5563000000,5711000000,0.16,0.6721,0.494,0.3877,0.27,0.2265,5323000000,4174000000,2887000000
5,Intel,www.intel.com,INTC,Intel,2010-03-27,10299000000,0.4414,3770000000,6529000000,1564000000,1514000000,3081000000,3448000000,-29000000,3446000000,1004000000,0,0,2442000000,0,2442000000,0.44,0.43,5529000000,5681000000,0.16,0.6339,0.443,0.3318,0.24,0.3060,4558000000,3417000000,2442000000
5,Intel,www.intel.com,INTC,Intel,2009-12-26,10569000000,0.2848,3729000000,6840000000,1603000000,2718000000,4343000000,2497000000,-5000000,2593000000,311000000,0,0,2282000000,0,2282000000,0.42,0.40,5524000000,5651000000,0.14,0.6472,0.364,0.2449,0.22,0.2199,3849000000,2588000000,2282000000
5,Intel,www.intel.com,INTC,Intel,2009-09-26,9389000000,-0.0810,3985000000,5404000000,1430000000,1320000000,2825000000,2579000000,-32000000,2532000000,676000000,0,0,1856000000,0,1856000000,0.34,0.33,5537000000,5616000000,0.14,0.5756,0.398,0.2663,0.20,0.3258,3735000000,2500000000,1856000000
5,Intel,www.intel.com,INTC,Intel,2009-06-27,8024000000,-0.1527,3945000000,4079000000,1303000000,2695000000,4091000000,-12000000,-31000000,-50000000,348000000,0,0,-398000000,0,-398000000,-0.07,-0.07,5595000000,5595000000,0.14,0.5083,0.150,-0.0101,-0.05,0.2995,1205000000,-81000000,-398000000
5,Intel,www.intel.com,INTC,Intel,2009-03-28,7145000000,-0.2613,3907000000,3238000000,1317000000,1198000000,2591000000,647000000,-95000000,629000000,0,0,0,629000000,0,629000000,0.11,0.11,5573000000,5634000000,0.14,0.4532,0.252,0.0747,0.09,-0.1583,1804000000,534000000,629000000
5,Intel,www.intel.com,INTC,Intel,2008-12-27,8226000000,-0.2321,3857000000,4369000000,1316000000,1261000000,2830000000,1539000000,-22000000,369000000,135000000,0,0,234000000,0,234000000,0.04,0.05,5564000000,5622000000,0.14,0.5311,0.214,0.0422,0.03,0.1010,1760000000,347000000,234000000
5,Intel,www.intel.com,INTC,Intel,2008-09-27,10217000000,0.0126,4198000000,6019000000,1471000000,1415000000,2921000000,3098000000,-131000000,2833000000,819000000,0,0,2014000000,0,2014000000,0.36,0.35,5603000000,5692000000,0.14,0.5891,0.356,0.2645,0.20,0.1872,3635000000,2702000000,2014000000
5,Intel,www.intel.com,INTC,Intel,2008-06-28,9470000000,0.0910,4221000000,5249000000,1468000000,1430000000,2994000000,2255000000,-167000000,2313000000,712000000,0,0,1601000000,0,1601000000,0.28,0.28,5699000000,5800000000,0.14,0.5543,0.343,0.2266,0.17,0.1771,3251000000,2146000000,1601000000
5,Intel,www.intel.com,INTC,Intel,2008-03-29,9673000000,0.0927,4466000000,5207000000,1467000000,1349000000,3145000000,2062000000,-168000000,2171000000,728000000,0,0,1443000000,0,1443000000,0.25,0.25,5787000000,5879000000,0.13,0.5383,0.328,0.2071,0.15,0.1352,3168000000,2003000000,1443000000
5,Intel,www.intel.com,INTC,Intel,2007-12-29,10712000000,0.1050,4486000000,6226000000,1481000000,1448000000,3179000000,3047000000,-233000000,3261000000,990000000,0,0,2271000000,0,2271000000,0.39,0.39,5840000000,5987000000,0.11,0.5812,0.368,0.2827,0.21,0.3231,3947000000,3028000000,2271000000
5,Intel,www.intel.com,INTC,Intel,2007-09-29,10090000000,0.1546,4919000000,5171000000,1521000000,1381000000,3027000000,2144000000,-211000000,2503000000,712000000,0,0,1791000000,0,1791000000,0.31,0.30,5837000000,5967000000,0.11,0.5125,0.342,0.2272,0.18,0.2771,3455000000,2292000000,1791000000
6,Microsoft,www.microsoft.com,MSFT,Microsoft,2017-03-31,22090000000,0.0759,8060000000,14030000000,3355000000,5081000000,8436000000,5594000000,0,5916000000,1115000000,0,0,4801000000,0,4801000000,0.62,0.61,7725000000,7813000000,0.39,0.6351,0.379,0.2678,0.22,0.4058,8369000000,5916000000,4801000000
6,Microsoft,www.microsoft.com,MSFT,Microsoft,2016-12-31,24090000000,0.0124,9901000000,14189000000,3062000000,4950000000,8012000000,6177000000,0,6363000000,1163000000,0,0,5200000000,0,5200000000,0.67,0.66,7755000000,7830000000,0.39,0.5890,0.354,0.2641,0.22,0.1787,8529000000,6363000000,5200000000
6,Microsoft,www.microsoft.com,MSFT,Microsoft,2016-09-30,20453000000,0.0036,7844000000,12609000000,3106000000,4278000000,7384000000,5225000000,0,5325000000,635000000,0,0,4690000000,0,4690000000,0.60,0.60,7789000000,7876000000,0.36,0.6165,0.349,0.2604,0.23,0.4589,7141000000,5325000000,4690000000
6,Microsoft,www.microsoft.com,MSFT,Microsoft,2016-06-30,20614000000,-0.0706,7979000000,12635000000,3146000000,5299000000,9555000000,3080000000,0,3347000000,225000000,0,0,3122000000,0,3122000000,0.40,0.40,7844000000,7929000000,0.36,0.6129,0.255,0.1624,0.15,0.2818,5257000000,3347000000,3122000000
6,Microsoft,www.microsoft.com,MSFT,Microsoft,2016-03-31,20531000000,-0.0551,7722000000,12809000000,2980000000,4546000000,7526000000,5283000000,0,5036000000,1280000000,0,0,3756000000,0,3756000000,0.48,0.47,7895000000,7985000000,0.36,0.6239,0.328,0.2453,0.18,0.3925,6743000000,5036000000,3756000000
6,Microsoft,www.microsoft.com,MSFT,Microsoft,2015-12-31,23796000000,-0.1010,9872000000,13924000000,2900000000,4998000000,7898000000,6026000000,0,5855000000,837000000,0,0,5018000000,0,5018000000,0.63,0.62,7964000000,8051000000,0.36,0.5851,0.311,0.2460,0.21,0.1510,7399000000,5855000000,5018000000
6,Microsoft,www.microsoft.com,MSFT,Microsoft,2015-09-30,20379000000,-0.1216,7207000000,13172000000,2962000000,4417000000,7379000000,5793000000,0,5513000000,611000000,0,0,4902000000,0,4902000000,0.61,0.61,7996000000,8084000000,0.31,0.6464,0.342,0.2705,0.24,0.3690,6974000000,5513000000,4902000000
6,Microsoft,www.microsoft.com,MSFT,Microsoft,2015-06-30,22180000000,-0.0514,7468000000,14712000000,3094000000,5233000000,16765000000,-2053000000,0,-1756000000,1439000000,0,0,-3195000000,0,-3195000000,-0.38,-0.38,8063000000,8137000000,0.31,0.6633,-0.012,-0.0792,-0.14,0.2285,-263000000,-1756000000,-3195000000
6,Microsoft,www.microsoft.com,MSFT,Microsoft,2015-03-31,21729000000,0.0650,7161000000,14568000000,2984000000,4800000000,7974000000,6594000000,0,6517000000,1532000000,0,0,4985000000,0,4985000000,0.61,0.61,8167000000,8237000000,0.31,0.6704,0.370,0.2999,0.23,0.3778,8032000000,6517000000,4985000000
6,Microsoft,www.microsoft.com,MSFT,Microsoft,2014-12-31,26470000000,0.0796,10136000000,16334000000,2903000000,5412000000,8558000000,7776000000,0,7850000000,1987000000,0,0,5863000000,0,5863000000,0.71,0.71,8228000000,8297000000,0.31,0.6171,0.354,0.2966,0.22,0.1077,9371000000,7850000000,5863000000
6,Microsoft,www.microsoft.com,MSFT,Microsoft,2014-09-30,23201000000,0.2521,8273000000,14928000000,3065000000,4879000000,9084000000,5844000000,0,5896000000,1356000000,0,0,4540000000,0,4540000000,0.55,0.54,8249000000,8351000000,0.28,0.6434,0.316,0.2541,0.20,0.3048,7324000000,5896000000,4540000000
6,Microsoft,www.microsoft.com,MSFT,Microsoft,2014-06-30,23382000000,0.1752,7633000000,15749000000,3123000000,6017000000,9267000000,6482000000,0,6577000000,1965000000,0,0,4612000000,0,4612000000,0.56,0.55,8245000000,8363000000,0.28,0.6736,0.356,0.2813,0.20,0.3616,8319000000,6577000000,4612000000
6,Microsoft,www.microsoft.com,MSFT,Microsoft,2014-03-31,20403000000,-0.0042,5978000000,14425000000,2743000000,4708000000,7451000000,6974000000,0,6957000000,1297000000,0,0,5660000000,0,5660000000,0.68,0.68,8284000000,8367000000,0.28,0.7070,0.402,0.3410,0.28,0.4366,8212000000,6957000000,5660000000
6,Microsoft,www.microsoft.com,MSFT,Microsoft,2013-12-31,24519000000,0.1428,8322000000,16197000000,2748000000,5480000000,8228000000,7969000000,0,7878000000,1320000000,0,0,6558000000,0,6558000000,0.79,0.78,8326000000,8395000000,0.28,0.6606,0.373,0.3213,0.27,0.1093,9139000000,7878000000,6558000000
6,Microsoft,www.microsoft.com,MSFT,Microsoft,2013-09-30,18529000000,0.1575,5145000000,13384000000,2767000000,4283000000,7050000000,6334000000,0,6408000000,1164000000,0,0,5244000000,0,5244000000,0.63,0.62,8339000000,8434000000,0.23,0.7223,0.397,0.3458,0.28,0.3764,7362000000,6408000000,5244000000
6,Microsoft,www.microsoft.com,MSFT,Microsoft,2013-06-30,19896000000,0.1017,5738000000,14158000000,2783000000,5302000000,8085000000,6073000000,0,6145000000,1180000000,0,0,4965000000,0,4965000000,0.59,0.59,8345000000,8464000000,0.23,0.7116,0.358,0.3089,0.25,0.2065,7128000000,6145000000,4965000000
6,Microsoft,www.microsoft.com,MSFT,Microsoft,2013-03-31,20489000000,0.1771,4787000000,15702000000,2640000000,5450000000,8090000000,7612000000,0,7603000000,1548000000,0,0,6055000000,0,6055000000,0.72,0.72,8364000000,8429000000,0.23,0.7664,0.422,0.3711,0.30,0.4264,8656000000,7603000000,6055000000
6,Microsoft,www.microsoft.com,MSFT,Microsoft,2012-12-31,21456000000,0.0273,5692000000,15764000000,2528000000,5465000000,7993000000,7771000000,0,7770000000,1393000000,0,0,6377000000,0,6377000000,0.76,0.76,8393000000,8444000000,0.23,0.7347,0.409,0.3621,0.30,0.1794,8779000000,7770000000,6377000000
6,Microsoft,www.microsoft.com,MSFT,Microsoft,2012-09-30,16008000000,-0.0785,4168000000,11840000000,2460000000,4072000000,6532000000,5308000000,0,5534000000,1068000000,0,0,4466000000,0,4466000000,0.53,0.53,8396000000,8494000000,0.20,0.7396,0.390,0.3457,0.28,0.4923,6244000000,5534000000,4466000000
6,Microsoft,www.microsoft.com,MSFT,Microsoft,2012-06-30,18059000000,0.0398,4163000000,13896000000,2594000000,4917000000,13704000000,192000000,0,359000000,851000000,0,0,-492000000,0,-492000000,-0.06,-0.05,8390000000,8518000000,0.20,0.7695,0.064,0.0199,-0.03,0.3907,1156000000,359000000,-492000000
6,Microsoft,www.microsoft.com,MSFT,Microsoft,2012-03-31,17407000000,0.0596,3952000000,13455000000,2517000000,4564000000,7081000000,6374000000,0,6363000000,1255000000,0,0,5108000000,0,5108000000,0.61,0.60,8401000000,8498000000,0.20,0.7730,0.410,0.3655,0.29,0.5081,7129000000,6363000000,5108000000
6,Microsoft,www.microsoft.com,MSFT,Microsoft,2011-12-31,20885000000,0.0467,5638000000,15247000000,2371000000,4882000000,7253000000,7994000000,0,8239000000,1615000000,0,0,6624000000,0,6624000000,0.79,0.78,8402000000,8465000000,0.20,0.7300,0.427,0.3945,0.32,0.2568,8917000000,8239000000,6624000000
6,Microsoft,www.microsoft.com,MSFT,Microsoft,2011-09-30,17372000000,0.0727,3777000000,13595000000,2329000000,4063000000,6392000000,7203000000,0,7306000000,1568000000,0,0,5738000000,0,5738000000,0.68,0.68,8392000000,8490000000,0.16,0.7826,0.462,0.4206,0.33,0.4638,8032000000,7306000000,5738000000
6,Microsoft,www.microsoft.com,MSFT,Microsoft,2011-06-30,17367000000,0.0828,3708000000,13659000000,2393000000,5095000000,7488000000,6171000000,0,6319000000,445000000,0,0,5874000000,0,5874000000,0.70,0.68,8427000000,8545000000,0.16,0.7865,0.404,0.3639,0.34,0.3052,7008000000,6319000000,5874000000
6,Microsoft,www.microsoft.com,MSFT,Microsoft,2011-03-31,16428000000,0.1327,3897000000,12531000000,2269000000,4553000000,6822000000,5709000000,0,6025000000,793000000,0,0,5232000000,0,5232000000,0.62,0.61,8420000000,8510000000,0.16,0.7628,0.411,0.3668,0.32,0.4878,6745000000,6025000000,5232000000
6,Microsoft,www.microsoft.com,MSFT,Microsoft,2010-12-31,19953000000,0.0489,4833000000,15120000000,2185000000,4770000000,6955000000,8165000000,0,8497000000,1863000000,0,0,6634000000,0,6634000000,0.78,0.77,8497000000,8570000000,0.16,0.7578,0.459,0.4259,0.33,0.1852,9160000000,8497000000,6634000000
6,Microsoft,www.microsoft.com,MSFT,Microsoft,2010-09-30,16195000000,0.2535,3139000000,13056000000,2196000000,3744000000,5940000000,7116000000,0,7230000000,1820000000,0,0,5410000000,0,5410000000,0.63,0.62,8614000000,8695000000,0.13,0.8062,0.489,0.4464,0.33,0.4711,7924000000,7230000000,5410000000
6,Microsoft,www.microsoft.com,MSFT,Microsoft,2010-06-30,16039000000,0.2244,3170000000,12869000000,2350000000,4589000000,6939000000,5930000000,0,6024000000,1506000000,0,0,4518000000,0,4518000000,0.52,0.51,8714000000,8843000000,0.13,0.8024,0.420,0.3756,0.28,0.3021,6742000000,6024000000,4518000000
6,Microsoft,www.microsoft.com,MSFT,Microsoft,2010-03-31,14503000000,0.0626,2755000000,11748000000,2220000000,4355000000,6575000000,5173000000,0,5341000000,1335000000,0,0,4006000000,0,4006000000,0.46,0.45,8767000000,8876000000,0.13,0.8100,0.416,0.3683,0.28,0.4816,6035000000,5341000000,4006000000
6,Microsoft,www.microsoft.com,MSFT,Microsoft,2009-12-31,19022000000,0.1439,3628000000,15394000000,2079000000,4802000000,6881000000,8513000000,0,8883000000,2221000000,0,0,6662000000,0,6662000000,0.75,0.74,8856000000,8951000000,0.13,0.8093,0.499,0.4670,0.35,0.2415,9498000000,8883000000,6662000000
6,Microsoft,www.microsoft.com,MSFT,Microsoft,2009-09-30,12920000000,-0.1422,2842000000,10078000000,2065000000,3531000000,5596000000,4482000000,0,4765000000,1191000000,0,0,3574000000,0,3574000000,0.40,0.40,8914000000,8983000000,0.13,0.7800,0.419,0.3688,0.28,0.4390,5411000000,4765000000,3574000000
6,Microsoft,www.microsoft.com,MSFT,Microsoft,2009-06-30,13099000000,-0.1729,2586000000,10513000000,2225000000,4591000000,6526000000,3987000000,0,4142000000,1097000000,0,0,3045000000,0,3045000000,0.34,0.34,8900000000,8960000000,0.13,0.8026,0.368,0.3162,0.23,0.2270,4823000000,4142000000,3045000000
6,Microsoft,www.microsoft.com,MSFT,Microsoft,2009-03-31,13648000000,-0.0558,2814000000,10834000000,2212000000,3894000000,6396000000,4438000000,0,4050000000,1073000000,0,0,2977000000,0,2977000000,0.33,0.33,8891000000,8904000000,0.13,0.7938,0.345,0.2967,0.22,0.3965,4714000000,4050000000,2977000000
6,Microsoft,www.microsoft.com,MSFT,Microsoft,2008-12-31,16629000000,0.0160,3907000000,12722000000,2290000000,4493000000,6783000000,5939000000,0,5638000000,1464000000,0,0,4174000000,0,4174000000,0.47,0.47,8903000000,8914000000,0.13,0.7650,0.377,0.3390,0.25,0.2971,6270000000,5638000000,4174000000
6,Microsoft,www.microsoft.com,MSFT,Microsoft,2008-09-30,15061000000,0.0944,2848000000,12213000000,2283000000,3931000000,6214000000,5999000000,0,5991000000,1618000000,0,0,4373000000,0,4373000000,0.48,0.48,9084000000,9183000000,0.11,0.8109,0.437,0.3978,0.29,0.1721,6576000000,5991000000,4373000000
6,Microsoft,www.microsoft.com,MSFT,Microsoft,2008-06-30,15837000000,0.1844,2866000000,12971000000,2407000000,4885000000,7292000000,5679000000,0,5968000000,1671000000,0,0,4297000000,0,4297000000,0.47,0.46,9265000000,9404000000,0.11,0.8190,0.415,0.3768,0.27,0.1810,6576000000,5968000000,4297000000
6,Microsoft,www.microsoft.com,MSFT,Microsoft,2008-03-31,14454000000,0.0039,2514000000,11940000000,2035000000,5615000000,7650000000,4290000000,0,4810000000,422000000,0,0,4388000000,0,4388000000,0.47,0.47,9307000000,9428000000,0.11,0.8261,0.370,0.3328,0.30,0.4375,5342000000,4810000000,4388000000
6,Microsoft,www.microsoft.com,MSFT,Microsoft,2007-12-31,16367000000,0.3050,3543000000,12824000000,1885000000,4486000000,6371000000,6453000000,0,6820000000,2113000000,0,0,4707000000,0,4707000000,0.50,0.50,9361000000,9503000000,0.11,0.7835,0.446,0.4167,0.29,0.2366,7301000000,6820000000,4707000000
6,Microsoft,www.microsoft.com,MSFT,Microsoft,2007-09-30,13762000000,0.2730,2675000000,11087000000,1837000000,3401000000,5238000000,5849000000,0,6216000000,1927000000,0,0,4289000000,0,4289000000,0.46,0.45,9380000000,9513000000,0.10,0.8056,0.483,0.4517,0.31,0.3901,6651000000,6216000000,4289000000
